@Manual{here,
  title = {here: A Simpler Way to Find Your Files},
  author = {Kirill Müller},
  year = {2017},
  note = {R package version 0.1},
  url = {https://CRAN.R-project.org/package=here},
}
@Manual{knitr,
  title = {knitr: A General-Purpose Package for Dynamic Report Generation in R},
  author = {Yihui Xie},
  year = {2020},
  note = {R package version 1.28},
  url = {https://yihui.org/knitr/},
}

@Book{knitr,
  title = {Dynamic Documents with {R} and knitr},
  author = {Yihui Xie},
  publisher = {Chapman and Hall/CRC},
  address = {Boca Raton, Florida},
  year = {2015},
  edition = {2nd},
  note = {ISBN 978-1498716963},
  url = {https://yihui.org/knitr/},
}

@InCollection{knitr,
  booktitle = {Implementing Reproducible Computational Research},
  editor = {Victoria Stodden and Friedrich Leisch and Roger D. Peng},
  title = {knitr: A Comprehensive Tool for Reproducible Research in {R}},
  author = {Yihui Xie},
  publisher = {Chapman and Hall/CRC},
  year = {2014},
  note = {ISBN 978-1466561595},
  url = {http://www.crcpress.com/product/isbn/9781466561595},
}
@Manual{ggpmisc,
  title = {ggpmisc: Miscellaneous Extensions to 'ggplot2'},
  author = {Pedro J. Aphalo},
  year = {2020},
  note = {R package version 0.3.4},
  url = {https://CRAN.R-project.org/package=ggpmisc},
}
@Manual{gt,
  title = {gt: Easily Create Presentation-Ready Display Tables},
  author = {Richard Iannone and Joe Cheng and Barret Schloerke},
  year = {2020},
  note = {R package version 0.1.0},
  url = {https://github.com/rstudio/gt},
}
@Manual{grateful,
  title = {grateful: Facilitate Citation of R Packages},
  author = {Francisco Rodriguez-Sanchez},
  year = {2018},
  note = {R package version 0.0.2},
  url = {https://github.com/Pakillo/grateful},
}
@Manual{base,
  title = {R: A Language and Environment for Statistical Computing},
  author = {{R Core Team}},
  organization = {R Foundation for Statistical Computing},
  address = {Vienna, Austria},
  year = {2019},
  url = {https://www.R-project.org/},
}
@Manual{rticles,
  title = {rticles: Article Formats for R Markdown},
  author = {JJ Allaire and Yihui Xie and {R Foundation} and Hadley Wickham and {Journal of Statistical Software} and Ramnath  Vaidyanathan and {Association for Computing Machinery} and Carl Boettiger and {Elsevier} and Karl Broman and Kirill Mueller and Bastiaan Quast and Randall  Pruim and Ben Marwick and Charlotte Wickham and Oliver Keyes and Miao Yu and Daniel Emaasit and Thierry Onkelinx and Alessandro Gasparini and Marc-Andre Desautels and Dominik Leutnant and {MDPI} and {Taylor and Francis} and Oğuzhan Öğreden and Dalton Hance and Daniel Nüst and Petter Uvesten and Elio Campitelli and John Muschelli and Zhian N. Kamvar and Noam Ross and Robrecht Cannoodt},
  year = {2019},
  note = {R package version 0.13},
  url = {https://CRAN.R-project.org/package=rticles},
}
@Manual{bookdown,
  title = {bookdown: Authoring Books and Technical Documents with R Markdown},
  author = {Yihui Xie},
  year = {2020},
  note = {R package version 0.17},
  url = {https://github.com/rstudio/bookdown},
}

@Book{bookdown,
  title = {bookdown: Authoring Books and Technical Documents with {R} Markdown},
  author = {Yihui Xie},
  publisher = {Chapman and Hall/CRC},
  address = {Boca Raton, Florida},
  year = {2016},
  note = {ISBN 978-1138700109},
  url = {https://github.com/rstudio/bookdown},
}
@Manual{rmarkdown,
  title = {rmarkdown: Dynamic Documents for R},
  author = {JJ Allaire and Yihui Xie and Jonathan McPherson and Javier Luraschi and Kevin Ushey and Aron Atkins and Hadley Wickham and Joe Cheng and Winston Chang and Richard Iannone},
  year = {2020},
  note = {R package version 2.1},
  url = {https://github.com/rstudio/rmarkdown},
}

@Book{rmarkdown,
  title = {R Markdown: The Definitive Guide},
  author = {Yihui Xie and J.J. Allaire and Garrett Grolemund},
  publisher = {Chapman and Hall/CRC},
  address = {Boca Raton, Florida},
  year = {2018},
  note = {ISBN 9781138359338},
  url = {https://bookdown.org/yihui/rmarkdown},
}
